%% This BibTeX bibliography file was created using BibDesk.
%% http://bibdesk.sourceforge.net/



@article{NEJM,
	Author = {NEJM},
	Title = {Healthcare Big Data and the Promise of Value-Based Care},
	url = {https://catalyst.nejm.org/doi/full/10.1056/CAT.18.0290},
	Date-Added = {2018-01-01}
}

@article{Investopedia,
	Author = {James Chen},
	Title = {Neural Networks},
	Date-Modified = {2020-09},
	url = {https://www.investopedia.com/terms/n/neuralnetwork.asp},
}

@collection{PML,
	Author = {Sebastian Raschka and Vahid Mirjalili},
	Booktitle = {Python Machine Learning},
	Publisher = {Packt},
	Pages = {383-565},
	Year = {2015}
}

@collection{PAD,
	Author = {Sridhar Alla and Suman Adari},
	Booktitle = {Beginning Anononmaly Detection Using Python-Based Deep Learning},
	Publisher = {Apress},
	Pages = {1-470},
	Year = {2019}
}

@article{Medium,
	Author = {Prabhu},
	Title = {Understanding of Convolutional Neural Network (CNN) â€” Deep Learning},
	Date-Modified = {2018-03-04},
	url = {https://medium.com/@RaghavPrabhu/understanding-of-convolutional-neural-network-cnn-deep-learning-99760835f148},
}


@article{CloudStorage,
	Author = {Mark Edmondson},
	Title = {googleCloudStorageR},
	Date-Modified = {2019-08-31},
	url = {https://cran.r-project.org/web/packages/googleCloudStorageR/vignettes/googleCloudStorageR.html},
}

@article{Tensorboard,
	Author = {Tensorflow Authors and R Studio},
	url = {https://tensorflow.rstudio.com/tools/tensorboard/tensorboard/},
}

@article{RPubs,
	Author = {Tensorflow Authors and R Studio},
	Title = {Implementing regularization and dropout},
	url = {https://rpubs.com/juanhklopper/regularization_dropout},
}

@article{Kaggle,
	Author = {Paul Mooney},
	Title = {Chest X-Ray Images (Pneumonia)},
	url = {https://www.kaggle.com/paultimothymooney/chest-xray-pneumonia},
}

@dataset{Medical,
	Author = {Daniel KermanyDaniel,Kang Zhang,and Michael Goldbaum},
	Title = {Labeled Optical Coherence Tomography (OCT) and Chest X-Ray Images for Classification},
	url = {https://data.mendeley.com/datasets/rscbjbr9sj/2},
	Year = {2018}
}

@article{Convolution,
	Author = {Tensorflow Authors and R Studio},
	Title = {Convolutional Neural Network (CNN)},
	url = {https://tensorflow.rstudio.com/tutorials/advanced/images/cnn/},
}

@article{Shirin,
	Author = {Shirin Elsinghorst},
	Title = {Update with TF 2.0: Image classification with Keras and TensorFlow},
	url = {https://shirinsplayground.netlify.app/2020/09/keras_fruits_update/},
	Date-Modified = {2018-06-15},
}

@article{Keras,
	Author = {Cran Project},
	Title = {Guide to Keras Basics},
	url = {https://cran.r-project.org/web/packages/keras/vignettes/guide_keras.html}
}

@article{Keras2,
	Author = {Tensorflow Authors and R Studio},
	Title = {Getting Started with Keras},
	url = {https://tensorflow.rstudio.com/guide/keras/}
}

@article{Tensorflow2,
	Author = {Tensorflow Authors and R Studio},
	Title = {Tensorflow Overview},
	url = {https://tensorflow.rstudio.com/tutorials/}
}

@article{GoogleyR,
	Author = {Christina Cardoza},
	Title = {The R programming language comes to Google Cloud Platform},
	Date-Modified = {2018-12-20},
	url = {https://sdtimes.com/cloud/the-r-programming-language-comes-to-google-cloud-platform/}
}


@article{Mathworks,
	Author = {MathWorks},
	Title = {Convolutional Neural Network},
	url = {https://www.mathworks.com/discovery/convolutional-neural-network-matlab.html},
	Year={2019}
}
@article{Deep,
	Author = {DJ Sarkar},
	Title = {Interpreting Deep Learning Models for Computer Vision},
	url = {https://medium.com/google-developer-experts/interpreting-deep-learning-models-for-computer-vision-f95683e23c1d},
	Year={2019}
}

