%% This BibTeX bibliography file was created using BibDesk.
%% http://bibdesk.sourceforge.net/



@article{Hoogland20,
	Author = {Jeroen Hoogland and Marit van Barreveld and Thomas Debray},
	Date-Added = {2020-07-20},
	Date-Modified = {2020-07-20},
	Journal = {Statistics in Medicine},
	Keywords = {clinical prediction modeling, missing data, real-world application, validation},
	Title = {Handling missing predictor values when validating and applying a prediction model to new patients},
	Year = {2020},
	Volume = {39},
	
}
